<?xml version="1.0" encoding="UTF-8"?><record xmlns="http://www.loc.gov/MARC21/slim" xmlns:cinclude="http://apache.org/cocoon/include/1.0" xmlns:zs="http://www.loc.gov/zing/srw/">
  <leader>00918nz  a2200193n  4500</leader>
  <controlfield tag="001">no2015071918</controlfield>
  <controlfield tag="003">DLC</controlfield>
  <controlfield tag="005">20150602073542.0</controlfield>
  <controlfield tag="008">150601n| azannaabn          |b aaa     c</controlfield>
  <datafield tag="010" ind1=" " ind2=" ">
    <subfield code="a">no2015071918</subfield>
  </datafield>
  <datafield tag="035" ind1=" " ind2=" ">
    <subfield code="a">(OCoLC)oca10180428</subfield>
  </datafield>
  <datafield tag="040" ind1=" " ind2=" ">
    <subfield code="a">CtY-N</subfield>
    <subfield code="b">eng</subfield>
    <subfield code="e">rda</subfield>
    <subfield code="c">CtY-N</subfield>
  </datafield>
  <datafield tag="100" ind1="1" ind2=" ">
    <subfield code="a">Sabʻāwī, Ziyād Muḥammad Ḥammūd ʻAbd Allāh</subfield>
  </datafield>
  <datafield tag="372" ind1=" " ind2=" ">
    <subfield code="a">Law</subfield>
    <subfield code="2">lcsh</subfield>
  </datafield>
  <datafield tag="375" ind1=" " ind2=" ">
    <subfield code="a">male</subfield>
  </datafield>
  <datafield tag="377" ind1=" " ind2=" ">
    <subfield code="a">ara</subfield>
  </datafield>
  <datafield tag="400" ind1="1" ind2=" ">
    <subfield code="a">سبعاوي، زياد محمد حمود عبد الله</subfield>
  </datafield>
  <datafield tag="667" ind1=" " ind2=" ">
    <subfield code="a">Non-Latin script reference not evaluated.</subfield>
  </datafield>
  <datafield tag="670" ind1=" " ind2=" ">
    <subfield code="a">Sabʻāwī, Ziyād Muḥammad Ḥammūd ʻAbd Allāh. al-Taḥkīm al-tijārī al-dawlī mā bayna al-sharīʻah wa-al-qānūn, 2014:</subfield>
    <subfield code="b">title page (الأستاذ زياد محمد حمود ابد الله السبعاوي، ماجستير في القانون = al-Ustādh Ziyād Muḥammad Ḥammūd Abd Allāh al-Sabʻāwī, mājistīr fī al-qānūn)</subfield>
  </datafield>
</record>